@article{liu2023airfoils,
  title={Airfoils optimization based on deep reinforcement learning to improve the aerodynamic performance of rotors},
  author={Liu, Jiaqi and Chen, Rongqian and Lou, Jinhua and Wu, Hao and You, Yancheng and Chen, Zhengwu},
  journal={Aerospace Science and Technology},
  volume={143},
  pages={108737},
  year={2023},
  publisher={Elsevier}
}

@article{kumar2024optimization,
  title={Optimization of vehicle crashworthiness problems using recent twelve metaheuristic algorithms},
  author={Kumar, Sumit and Yildiz, Betul Sultan and Mehta, Pranav and Sait, Sadiq M and Hussien, Abdelazim G and Yildiz, Ali Riza},
  journal={Materials Testing},
  volume={66},
  number={11},
  pages={1890--1901},
  year={2024},
  publisher={De Gruyter}
}

@article{he2023review,
  title={A review of surrogate-assisted evolutionary algorithms for expensive optimization problems},
  author={He, Chunlin and Zhang, Yong and Gong, Dunwei and Ji, Xinfang},
  journal={Expert Systems with Applications},
  volume={217},
  pages={119495},
  year={2023},
  publisher={Elsevier}
}

@article{kudela2022recent,
  title={Recent advances and applications of surrogate models for finite element method computations: a review},
  author={Kudela, Jakub and Matousek, Radomil},
  journal={Soft Computing},
  volume={26},
  number={24},
  pages={13709--13733},
  year={2022},
  publisher={Springer}
}

@article{khaldi2024surrogate,
  title={Surrogate-assisted evolutionary optimisation: a novel blueprint and a state of the art survey},
  author={Khaldi, Mohammed Imed Eddine and Draa, Amer},
  journal={Evolutionary Intelligence},
  volume={17},
  number={4},
  pages={2213--2243},
  year={2024},
  publisher={Springer}
}

@article{stanovov2023surrogate,
  title={Surrogate-assisted automatic parameter adaptation design for differential evolution},
  author={Stanovov, Vladimir and Semenkin, Eugene},
  journal={Mathematics},
  volume={11},
  number={13},
  pages={2937},
  year={2023},
  publisher={MDPI}
}

@article{mallipeddi2015evolving,
  title={An evolving surrogate model-based differential evolution algorithm},
  author={Mallipeddi, Rammohan and Lee, Minho},
  journal={Applied Soft Computing},
  volume={34},
  pages={770--787},
  year={2015},
  publisher={Elsevier}
}

@article{lv2023multi,
  title={Multi-surrogate assisted PSO with adaptive speciation for expensive multimodal multi-objective optimization},
  author={Lv, Zhiming and Niu, Dangdang and Li, Shuqin and Sun, Hongguang},
  journal={Applied Soft Computing},
  volume={147},
  pages={110724},
  year={2023},
  publisher={Elsevier}
}

@article{yu2025surrogate,
  title={Surrogate-Assisted Differential Evolution with multiple sampling mechanisms for high-dimensional expensive problems},
  author={Yu, Laiqi and Meng, Zhenyu},
  journal={Information Sciences},
  volume={687},
  pages={121408},
  year={2025},
  publisher={Elsevier}
}

@article{li2020surrogate,
  title={A surrogate-assisted multiswarm optimization algorithm for high-dimensional computationally expensive problems},
  author={Li, Fan and Cai, Xiwen and Gao, Liang and Shen, Weiming},
  journal={IEEE transactions on cybernetics},
  volume={51},
  number={3},
  pages={1390--1402},
  year={2020},
  publisher={IEEE}
}

@article{lin2024surrogate,
  title={Surrogate-assisted evolutionary framework with an ensemble of teaching-learning and differential evolution for expensive optimization},
  author={Lin, Xin and Meng, Zhenyu},
  journal={Information Sciences},
  volume={680},
  pages={121137},
  year={2024},
  publisher={Elsevier}
}

@article{jones1998efficient,
  title={Efficient global optimization of expensive black-box functions},
  author={Jones, Donald R and Schonlau, Matthias and Welch, William J},
  journal={Journal of Global optimization},
  volume={13},
  pages={455--492},
  year={1998},
  publisher={Springer}
}

@article{regis2013evolutionary,
  title={Evolutionary programming for high-dimensional constrained expensive black-box optimization using radial basis functions},
  author={Regis, Rommel G},
  journal={IEEE Transactions on Evolutionary Computation},
  volume={18},
  number={3},
  pages={326--347},
  year={2013},
  publisher={IEEE}
}

@article{sun2017surrogate,
  title={Surrogate-assisted cooperative swarm optimization of high-dimensional expensive problems},
  author={Sun, Chaoli and Jin, Yaochu and Cheng, Ran and Ding, Jinliang and Zeng, Jianchao},
  journal={IEEE Transactions on Evolutionary Computation},
  volume={21},
  number={4},
  pages={644--660},
  year={2017},
  publisher={IEEE}
}

@article{buche2005accelerating,
  title={Accelerating evolutionary algorithms with Gaussian process fitness function models},
  author={Buche, Dirk and Schraudolph, Nicol N and Koumoutsakos, Petros},
  journal={IEEE Transactions on Systems, Man, and Cybernetics, Part C (Applications and Reviews)},
  volume={35},
  number={2},
  pages={183--194},
  year={2005},
  publisher={IEEE}
}

@article{liu2013gaussian,
  title={A Gaussian process surrogate model assisted evolutionary algorithm for medium scale expensive optimization problems},
  author={Liu, Bo and Zhang, Qingfu and Gielen, Georges GE},
  journal={IEEE Transactions on Evolutionary Computation},
  volume={18},
  number={2},
  pages={180--192},
  year={2013},
  publisher={IEEE}
}

@inproceedings{loshchilov2010comparison,
  title={Comparison-based optimizers need comparison-based surrogates},
  author={Loshchilov, Ilya and Schoenauer, Marc and Sebag, Michele},
  booktitle={International conference on parallel problem solving from nature},
  pages={364--373},
  year={2010},
  organization={Springer}
}

@article{guo2018heterogeneous,
  title={Heterogeneous ensemble-based infill criterion for evolutionary multiobjective optimization of expensive problems},
  author={Guo, Dan and Jin, Yaochu and Ding, Jinliang and Chai, Tianyou},
  journal={IEEE transactions on cybernetics},
  volume={49},
  number={3},
  pages={1012--1025},
  year={2018},
  publisher={IEEE}
}

@inproceedings{zhou2005study,
  title={A study on polynomial regression and Gaussian process global surrogate model in hierarchical surrogate-assisted evolutionary algorithm},
  author={Zhou, Zongzhao and Ong, Yew Soon and Nguyen, My Hanh and Lim, Dudy},
  booktitle={2005 IEEE congress on evolutionary computation},
  volume={3},
  pages={2832--2839},
  year={2005},
  organization={IEEE}
}

@article{chavez2016polynomial,
  title={Polynomial-based surrogate modeling of RF and microwave circuits in frequency domain exploiting the multinomial theorem},
  author={Ch{\'a}vez-Hurtado, Jos{\'e} Luis and Rayas-S{\'a}nchez, Jos{\'e} Ernesto},
  journal={IEEE Transactions on Microwave Theory and Techniques},
  volume={64},
  number={12},
  pages={4371--4381},
  year={2016},
  publisher={IEEE}
}

@article{jin2018data,
  title={Data-driven evolutionary optimization: An overview and case studies},
  author={Jin, Yaochu and Wang, Handing and Chugh, Tinkle and Guo, Dan and Miettinen, Kaisa},
  journal={IEEE Transactions on Evolutionary Computation},
  volume={23},
  number={3},
  pages={442--458},
  year={2018},
  publisher={IEEE}
}

@article{mockus1994application,
  title={Application of Bayesian approach to numerical methods of global and stochastic optimization},
  author={Mockus, Jonas},
  journal={Journal of Global Optimization},
  volume={4},
  pages={347--365},
  year={1994},
  publisher={Springer}
}

@inproceedings{cox1992statistical,
  title={A statistical method for global optimization},
  author={Cox, Dennis D and John, Susan},
  booktitle={[Proceedings] 1992 IEEE international conference on systems, man, and cybernetics},
  pages={1241--1246},
  year={1992},
  organization={IEEE}
}

@article{daulton2020differentiable,
  title={Differentiable expected hypervolume improvement for parallel multi-objective Bayesian optimization},
  author={Daulton, Samuel and Balandat, Maximilian and Bakshy, Eytan},
  journal={Advances in Neural Information Processing Systems},
  volume={33},
  pages={9851--9864},
  year={2020}
}

@inproceedings{viana2010surrogate,
  title={Surrogate-based optimization with parallel simulations using the probability of improvement},
  author={Viana, Felipe and Haftka, Raphael},
  booktitle={13th AIAA/ISSMO multidisciplinary analysis optimization conference},
  pages={9392},
  year={2010}
}

@article{nohara2022explanation,
  title={Explanation of machine learning models using shapley additive explanation and application for real data in hospital},
  author={Nohara, Yasunobu and Matsumoto, Koutarou and Soejima, Hidehisa and Nakashima, Naoki},
  journal={Computer Methods and Programs in Biomedicine},
  volume={214},
  pages={106584},
  year={2022},
  publisher={Elsevier}
}

@article{slivkins2019introduction,
  title={Introduction to multi-armed bandits},
  author={Slivkins, Aleksandrs and others},
  journal={Foundations and Trends{\textregistered} in Machine Learning},
  volume={12},
  number={1-2},
  pages={1--286},
  year={2019},
  publisher={Now Publishers, Inc.}
}

@article{li2023elite,
  title={Elite-driven surrogate-assisted CMA-ES algorithm by improved lower confidence bound method},
  author={Li, Zengcong and Gao, Tianhe and Tian, Kuo and Wang, Bo},
  journal={Engineering with Computers},
  volume={39},
  number={4},
  pages={2543--2563},
  year={2023},
  publisher={Springer}
}

@article{pang2022expensive,
  title={An expensive many-objective optimization algorithm based on efficient expected hypervolume improvement},
  author={Pang, Yong and Wang, Yitang and Zhang, Shuai and Lai, Xiaonan and Sun, Wei and Song, Xueguan},
  journal={IEEE Transactions on Evolutionary Computation},
  volume={27},
  number={6},
  pages={1822--1836},
  year={2022},
  publisher={IEEE}
}

@article{chen2020language,
  title={Language model based interactive estimation of distribution algorithm},
  author={Chen, Yang and Jin, Yaochu and Sun, Xiaoyan},
  journal={Knowledge-Based Systems},
  volume={200},
  pages={105980},
  year={2020},
  publisher={Elsevier}
}

@article{liu2023surrogate,
  title={Surrogate-assisted hybrid evolutionary algorithm with local estimation of distribution for expensive mixed-variable optimization problems},
  author={Liu, Yongcun and Wang, Handing},
  journal={Applied Soft Computing},
  volume={133},
  pages={109957},
  year={2023},
  publisher={Elsevier}
}

@article{sun2012quantum,
  title={Quantum-behaved particle swarm optimization: analysis of individual particle behavior and parameter selection},
  author={Sun, Jun and Fang, Wei and Wu, Xiaojun and Palade, Vasile and Xu, Wenbo},
  journal={Evolutionary computation},
  volume={20},
  number={3},
  pages={349--393},
  year={2012},
  publisher={MIT Press}
}

@article{qu2024adaptive,
  title={An adaptive surrogate-assisted particle swarm optimization algorithm combining effectively global and local surrogate models and its application},
  author={Qu, Shaochun and Liu, Fuguang and Cao, Zijian},
  journal={Applied Sciences},
  volume={14},
  number={17},
  pages={7853},
  year={2024},
  publisher={Multidisciplinary Digital Publishing Institute}
}

@article{li2025multi,
  title={Multi-region hierarchical surrogate-assisted quantum-behaved particle swarm optimization for expensive optimization problems},
  author={Li, Chao and Zhang, Quanshu and Palade, Vasile and Lu, Hengyang and Sun, Jun},
  journal={Expert Systems with Applications},
  volume={261},
  pages={125496},
  year={2025},
  publisher={Elsevier}
}

@article{zhan2020expected,
  title={Expected improvement for expensive optimization: a review},
  author={Zhan, Dawei and Xing, Huanlai},
  journal={Journal of Global Optimization},
  volume={78},
  number={3},
  pages={507--544},
  year={2020},
  publisher={Springer}
}

@book{forrester2008engineering,
  title={Engineering design via surrogate modelling: a practical guide},
  author={Forrester, Alexander and Sobester, Andras and Keane, Andy},
  year={2008},
  publisher={John Wiley \& Sons}
}

@article{jansen2014egg,
  title={The egg model--a geological ensemble for reservoir simulation},
  author={Jansen, Jan-Dirk and Fonseca, Rahul-Mark and Kahrobaei, S and Siraj, MM and Van Essen, GM and Van den Hof, PMJ},
  journal={Geoscience Data Journal},
  volume={1},
  number={2},
  pages={192--195},
  year={2014},
  publisher={Wiley Online Library}
}

@book{lie2019introduction,
  title={An introduction to reservoir simulation using MATLAB/GNU Octave: User guide for the MATLAB Reservoir Simulation Toolbox (MRST)},
  author={Lie, Knut-Andreas},
  year={2019},
  publisher={Cambridge University Press}
}

@article{wang2020transfer,
  title={Transfer stacking from low-to high-fidelity: A surrogate-assisted bi-fidelity evolutionary algorithm},
  author={Wang, Handing and Jin, Yaochu and Yang, Cuie and Jiao, Licheng},
  journal={Applied soft computing},
  volume={92},
  pages={106276},
  year={2020},
  publisher={Elsevier}
}

@article{yu2018surrogate,
  title={Surrogate-assisted hierarchical particle swarm optimization},
  author={Yu, Haibo and Tan, Ying and Zeng, Jianchao and Sun, Chaoli and Jin, Yaochu},
  journal={Information Sciences},
  volume={454},
  pages={59--72},
  year={2018},
  publisher={Elsevier}
}

@article{liao2020multi,
  title={Multi-surrogate multi-tasking optimization of expensive problems},
  author={Liao, Peng and Sun, Chaoli and Zhang, Guochen and Jin, Yaochu},
  journal={Knowledge-Based Systems},
  volume={205},
  pages={106262},
  year={2020},
  publisher={Elsevier}
}

@article{zhen2022evolutionary,
  title={Evolutionary sampling agent for expensive problems},
  author={Zhen, Huixiang and Gong, Wenyin and Wang, Ling},
  journal={IEEE Transactions on Evolutionary Computation},
  volume={27},
  number={3},
  pages={716--727},
  year={2022},
  publisher={IEEE}
}

@article{huixiang2021data,
  title={Data-driven evolutionary sampling optimization forexpensive problems},
  author={Huixiang, Zhen and Wenyin, Gong and Ling, Wang},
  journal={Journal of Systems Engineering and Electronics},
  volume={32},
  number={2},
  pages={318--330},
  year={2021},
  publisher={BIAI}
}

@article{wei2023efficient,
  title={An efficient two-stage surrogate-assisted differential evolution for expensive inequality constrained optimization},
  author={Wei, Feng-Feng and Chen, Wei-Neng and Mao, Wentao and Hu, Xiao-Min and Zhang, Jun},
  journal={IEEE Transactions on Systems, Man, and Cybernetics: Systems},
  volume={53},
  number={12},
  pages={7769--7782},
  year={2023},
  publisher={IEEE}
}

@article{song2021kriging,
  title={A kriging-assisted two-archive evolutionary algorithm for expensive many-objective optimization},
  author={Song, Zhenshou and Wang, Handing and He, Cheng and Jin, Yaochu},
  journal={IEEE Transactions on Evolutionary Computation},
  volume={25},
  number={6},
  pages={1013--1027},
  year={2021},
  publisher={IEEE}
}

@article{gong2024surrogate,
  title={A surrogate-assisted evolutionary algorithm with dual restricted Boltzmann machines and reinforcement learning-based adaptive strategy selection},
  author={Gong, Yiyun and Yu, Haibo and Kang, Li and Qiao, Gangzhu and Guo, Dongpeng and Zeng, Jianchao},
  journal={Swarm and Evolutionary Computation},
  volume={89},
  pages={101629},
  year={2024},
  publisher={Elsevier}
}

@article{xie2023surrogate,
  title={Surrogate-assisted evolutionary algorithm with model and infill criterion auto-configuration},
  author={Xie, Lindong and Li, Genghui and Wang, Zhenkun and Cui, Laizhong and Gong, Maoguo},
  journal={IEEE Transactions on Evolutionary Computation},
  year={2023},
  publisher={IEEE}
}
